<record>
<leader>00309nam a22001457a 4500</leader>
<controlfield tag="008">120919s        xxu          000    eng d</controlfield>
<datafield tag="245" ind1="0" ind2="0">
<subfield code="a">Museum pass for</subfield>
</datafield>
<datafield tag="246" ind1="3" ind2="">
<subfield code="a"/>
</datafield>
<datafield tag="500" ind1="" ind2="">
<subfield code="a">Address:</subfield>
</datafield>
<datafield tag="500" ind1="" ind2="">
<subfield code="a">Tel:</subfield>
</datafield>
<datafield tag="500" ind1="" ind2="">
<subfield code="a">Hours:</subfield>
</datafield>
<datafield tag="500" ind1="" ind2="">
<subfield code="a">Admits:</subfield>
</datafield>
<datafield tag="500" ind1="" ind2="">
<subfield code="a"/>
</datafield>
<datafield tag="650" ind1="" ind2="0">
<subfield code="a">Museum passes.</subfield>
</datafield>
<datafield tag="650" ind1="" ind2="0">
<subfield code="a"/>
</datafield>
</record>